<?xml version="1.0" encoding="UTF-8"?><collection xmlns="http://www.loc.gov/MARC21/slim"><record><leader>00450nam--2200121-i-4500</leader><controlfield tag="001">000041617</controlfield><controlfield tag="002">20161230</controlfield><controlfield tag="005">20161230201043</controlfield><controlfield tag="008">060222s1000------------r-----000-0-eng-d</controlfield><datafield ind1=" " ind2=" " tag="080"><subfield code="a">621.642.1:621.594(083.96)</subfield></datafield><datafield ind1=" " ind2=" " tag="245"><subfield code="a">Prescriptii tehnice pt.proiectarea, executia, repararea, utilizarea si verificarea buteliilor cu capacitatea pina la 5 litri pt.gaz petrolier lichefiat, butan si propan c 2-77</subfield></datafield><datafield ind1=" " ind2=" " tag="260"><subfield code="a">Bucuresti, Ed.Tehnica, 1977, 5p</subfield></datafield><datafield ind1=" " ind2=" " tag="852"><subfield code="a">52</subfield></datafield></record></collection>